<?xml version="1.0" encoding="UTF-8"?><collection xmlns="http://www.loc.gov/MARC21/slim"><record><leader>00383nam--2200133-i-4500</leader><controlfield tag="001">000045893</controlfield><controlfield tag="002">20161230</controlfield><controlfield tag="005">20161230201045</controlfield><controlfield tag="008">060222s1000------------r-----000-0-eng-d</controlfield><datafield ind1=" " ind2=" " tag="080"><subfield code="a">621.039.341</subfield></datafield><datafield ind1=" " ind2=" " tag="100"><subfield code="a">Vasaru,Gh</subfield></datafield><datafield ind1=" " ind2=" " tag="245"><subfield code="a">Tabulated values of thermal diffusion factors for variious isotopic gaseous mixtures</subfield></datafield><datafield ind1=" " ind2=" " tag="260"><subfield code="a">Bucharest, Inst.Of Atomic Ph.,1966. 36 P</subfield></datafield><datafield ind1=" " ind2=" " tag="852"><subfield code="a">37371</subfield></datafield></record></collection>